% bmc_article.bib
% 
%  An example of bibtex entries.
%  Entries taken from BMC instructions for authors page.

% uncomment next line to make author-year bibliography
% @settings{label, options="nameyear"}

% Article within a journal
@article{Camacho2009,
author = {Camacho, C and Coulouris, G and Avagyan, V and Ma, N and Papadopoulos, J and Bealer, K and Madden, T L},
title = {{BLAST+: architecture and applications}},
journal = {BMC bioinformatics},
year = {2009},
volume = {10},
pages = {421}
}

@article{Cock:2009hj,
author = {Cock, Peter J A and Antao, Tiago and Chang, Jeffrey T and Chapman, Brad A and Cox, Cymon J and Dalke, Andrew and Friedberg, Iddo and Hamelryck, Thomas and Kauff, Frank and Wilczynski, Bartek and de Hoon, Michiel J L},
title = {{Biopython: freely available Python tools for computational molecular biology and bioinformatics.}},
journal = {Bioinformatics},
year = {2009},
volume = {25},
number = {11},
pages = {1422--1423},
month = jun
}

@article{HuertaCepas:2010fd,
author = {Huerta-Cepas, Jaime and Dopazo, Joaqu{\'\i}n and Gabald{\'o}n, Toni},
title = {{ETE: a python Environment for Tree Exploration.}},
journal = {BMC bioinformatics},
year = {2010},
volume = {11},
pages = {24}
}

@article{Katoh:2013hm,
author = {Katoh, Kazutaka and Standley, Daron M},
title = {{MAFFT multiple sequence alignment software version 7: improvements in performance and usability.}},
journal = {Molecular biology and evolution},
year = {2013},
volume = {30},
number = {4},
pages = {772--780},
month = apr
}

@article{Stamatakis:2006de,
author = {Stamatakis, Alexandros},
title = {{RAxML-VI-HPC: maximum likelihood-based phylogenetic analyses with thousands of taxa and mixed models.}},
journal = {Bioinformatics},
year = {2006},
volume = {22},
number = {21},
pages = {2688--2690},
month = nov
}

@article{Sukumaran:2010id,
author = {Sukumaran, Jeet and Holder, Mark T},
title = {{DendroPy: a Python library for phylogenetic computing.}},
journal = {Bioinformatics},
year = {2010},
volume = {26},
number = {12},
pages = {1569--1571},
month = jun
}

%%%%%%%%
% Webpage Link / URL
%
@webpage{pypi,
	title  = {Python Package Index},
	url = {https://pypi.python.org/}
}

@webpage{bioconda,
	title  = {Bioconda},
	url = {https://bioconda.github.io/}
}

@webpage{github,
	title  = {GitHub},
	url = {https://github.com/}
}

@webpage{travisci,
	title  = {Travis CI},
	url = {https://travis-ci.org/}
}


